@book{WongHuiYong,
  title     = "\textit{Introduction to Quantum Computing Holes}",
  author    = "Hui-Yong Wong",
  year      = 2024,
  publisher = "Springer",
  address   = "London"
}
@article{veldhorst2014addressable,
  title={An addressable quantum dot qubit with fault-tolerant control-fidelity},
  author={Veldhorst, M and Hwang, JCC and Yang, CH and Leenstra, AW and de Ronde, Bob and Dehollain, JP and Muhonen, JT and Hudson, FE and Itoh, Kohei M and Morello, A t and others},
  journal={Nature nanotechnology},
  volume={9},
  number={12},
  pages={981--985},
  year={2014},
  publisher={Nature Publishing Group UK London}
}
@article{meunier2011efficient,
  title={Efficient controlled-phase gate for single-spin qubits in quantum dots},
  author={Meunier, Tristan and Calado, Victor E and Vandersypen, Lieven MK},
  journal={Physical Review Bâ€”Condensed Matter and Materials Physics},
  volume={83},
  number={12},
  pages={121403},
  year={2011},
  publisher={APS}
}