@article{1zaman2023step,
  title={A step-by-step HHL algorithm walkthrough to enhance understanding of critical quantum computing concepts},
  author={Zaman, Anika and Morrell, Hector Jose and Wong, Hiu Yung},
  journal={IEEE Access},
  volume={11},
  pages={77117--77131},
  year={2023},
  publisher={IEEE}
}

@article{2google2023suppressing,
  title={Suppressing quantum errors by scaling a surface code logical qubit},
  author={R. Acharya et. al.},
  journal={Nature},
  volume={614},
  number={7949},
  pages={676--681},
  year={2023},
  publisher={Nature Publishing Group UK London}
}

@article{3peng2021cryogenic,
  title={A cryogenic broadband sub-1-dB NF CMOS low noise amplifier for quantum applications},
  author={Peng, Yatao and Ruffino, Andrea and Charbon, Edoardo},
  journal={IEEE Journal of Solid-State Circuits},
  volume={56},
  number={7},
  pages={2040--2053},
  year={2021},
  publisher={IEEE}
}

@article{4veldhorst2014addressable,
  title={An addressable quantum dot qubit with fault-tolerant control-fidelity},
  author={Veldhorst, M and Hwang, JCC and Yang, CH and Leenstra, AW and de Ronde, Bob and Dehollain, JP and Muhonen, JT and Hudson, FE and Itoh, Kohei M and Morello, A t and others},
  journal={Nature nanotechnology},
  volume={9},
  number={12},
  pages={981--985},
  year={2014},
  publisher={Nature Publishing Group UK London}
}

@article{5koppens2006driven,
  title={Driven coherent oscillations of a single electron spin in a quantum dot},
  author={Koppens, Frank HL and Buizert, Christo and Tielrooij, Klaas-Jan and Vink, Ivo T and Nowack, Katja C and Meunier, Tristan and Kouwenhoven, LP and Vandersypen, LMK},
  journal={Nature},
  volume={442},
  number={7104},
  pages={766--771},
  year={2006},
  publisher={Nature Publishing Group UK London}
}

@article{6fang2023recent,
  title={Recent advances in hole-spin qubits},
  author={Fang, Yinan and Philippopoulos, Pericles and Culcer, Dimitrie and Coish, WA and Chesi, Stefano},
  journal={Materials for Quantum Technology},
  volume={3},
  number={1},
  pages={012003},
  year={2023},
  publisher={IOP Publishing}
}

@article{7jock2018silicon,
  title={A silicon metal-oxide-semiconductor electron spin-orbit qubit},
  author={Jock, Ryan M and Jacobson, N Tobias and Harvey-Collard, Patrick and Mounce, Andrew M and Srinivasa, Vanita and Ward, Dan R and Anderson, John and Manginell, Ron and Wendt, Joel R and Rudolph, Martin and others},
  journal={Nature communications},
  volume={9},
  number={1},
  pages={1768},
  year={2018},
  publisher={Nature Publishing Group UK London}
}

@article{8elzerman2004single,
  title={Single-shot read-out of an individual electron spin in a quantum dot},
  author={Elzerman, J.M. and Hanson, R and Willems van Beveren, L.H. and Witkamp, B and Vandersypen, L.M.K. and Kouwenhoven, Leo P},
  journal={nature},
  volume={430},
  number={6998},
  pages={431--435},
  year={2004},
  publisher={Nature Publishing Group UK London}
}

@article{9friesen2004spin,
  title={Spin readout and initialization in a semiconductor quantum dot},
  author={Friesen, Mark and Tahan, Charles and Joynt, Robert and Eriksson, MA},
  journal={Physical review letters},
  volume={92},
  number={3},
  pages={037901},
  year={2004},
  publisher={APS}
}

@article{1avan1996quantum,
  title={Quantum point contacts},
  author={Van Houten, Henk and Beenakker, Carlo},
  journal={Physics today},
  volume={49},
  number={7},
  pages={22--27},
  year={1996},
  publisher={American Institute of Physics}
}