@book{goldstein2001pearson,
  title={Classical Mechanics},
  author={Goldstein, Herbert and Poole, CP and Safko, J},
  journal={TAAmerican Heart Association Stroke Council},
  publisher={Pearson},
  year={2001}
}
@Book{Landau,
  title={Mechanics: Volume 1 (Course of Theoretical Physics S)},
  author={Landau, L.D. and Lifshitz, E.M.},
  Publisher={Butterworth-Heinemann},
  year={1976}
}